<record><leader>00000cas a22000007a 4500</leader><controlfield tag="001">13449382</controlfield><controlfield tag="008">860417d189u1898inudn ne      0    0eng d</controlfield><datafield ind1=" " ind2=" " tag="010"><subfield code="a">sn 86058454 </subfield></datafield><datafield ind1=" " ind2=" " tag="040"><subfield code="a">NPI</subfield><subfield code="b">eng</subfield><subfield code="c">NPI</subfield><subfield code="d">OCLCQ</subfield></datafield><datafield ind1=" " ind2=" " tag="042"><subfield code="a">msc</subfield></datafield><datafield ind1="0" ind2=" " tag="130"><subfield code="a">Evening Democrat (Bedford, Ind.)</subfield></datafield><datafield ind1="1" ind2="4" tag="245"><subfield code="a">The evening Democrat.</subfield></datafield><datafield ind1=" " ind2=" " tag="260"><subfield code="a">Bedford, Ind. :</subfield><subfield code="b">John Johnson, Jr.</subfield></datafield><datafield ind1=" " ind2=" " tag="300"><subfield code="a">v. :</subfield><subfield code="b">ill. (chiefly advertisements)</subfield></datafield><datafield ind1=" " ind2=" " tag="310"><subfield code="a">Daily (except Sun.)</subfield></datafield><datafield ind1="1" ind2=" " tag="362"><subfield code="a">Began between Apr. 1895 and Feb. 1898; ceased between July 1898 and Nov. 1898.</subfield></datafield><datafield ind1=" " ind2=" " tag="500"><subfield code="a">Independent Cf. Ayer, N.W. &amp; Sons American newspaper annual and directory.</subfield></datafield><datafield ind1=" " ind2=" " tag="580"><subfield code="a">Published also in a weekly edition called: The Bedford Democrat.</subfield></datafield><datafield ind1=" " ind2=" " tag="588"><subfield code="a">Description based on: Vol. 6, no. 208 (Feb. 4, 1898).</subfield></datafield><datafield ind1=" " ind2=" " tag="752"><subfield code="a">United States</subfield><subfield code="b">Indiana</subfield><subfield code="c">Lawrence</subfield><subfield code="d">Bedford.</subfield></datafield><datafield ind1="1" ind2=" " tag="775"><subfield code="t">Bedford Democrat</subfield><subfield code="w">(DLC)sn 86058453</subfield></datafield><datafield ind1="0" ind2="0" tag="780"><subfield code="t">Bedford daily Democrat (Bedford, Ind. : 1892)</subfield><subfield code="w">(DLC)sn 86058484</subfield></datafield><datafield ind1="0" ind2="0" tag="785"><subfield code="t">Daily Democrat (Bedford, Ind.)</subfield><subfield code="w">(DLC)sn 86058483</subfield></datafield><datafield ind1="1" ind2=" " tag="029"><subfield code="a">AU@</subfield><subfield code="b">000025802791</subfield></datafield></record>